Fecha;Descripción;Descripcion_adicional;Crédito;Débito;Saldo
CBU;31/08/2023 29/09/2023;Disponés de 30 días desde la recepción para cuestionar este resumen. | El monto de IVA discriminado no puede computarse como crédito fiscal. | Tasa Extraordinaria sobre Saldos Deudores (excedidos y transitorios): 144,00% T.N.A. | Acuerdo Vigente Importe Tasa Nominal Anual Alta Vencimiento | Sujeto a condiciones convenidas $4.000.000,00 %134,00 16-01-2023 03-10-2023 | Sujeto a condiciones convenidas $3.000.000,00 %134,00 04-04-2023 02-01-2024 | Movimientos | Fecha Descripción Origen Crédito Débito Saldo;;;
01/09/23;TRF INMED PROVEED;Camara Del Instrum | VARIOS | BANCO BBVA ARGENTINA;;-40.000,00;4.342.749,84
01/09/23;IMP. DEB. LEY 25413;;;-240,00;4.342.509,84
01/09/23;TRF INMED PROVEED;Eleonora Laura,borgo | VARIOS | BANCO DE LA PROVINCI;;-40.000,00;4.302.509,84
01/09/23;IMP. DEB. LEY 25413;;;-240,00;4.302.269,84
01/09/23;TRF INMED PROVEED;Ignacio Alberto Made | VARIOS | BANCO DE GALICIA Y B | Resumen de Cuenta Corriente en Pesos Página 1 / 48 | 20230929040494846H;;-56.997,70;4.245.272,14
01/09/23;IMP. DEB. LEY 25413;;;-341,99;4.244.930,15
01/09/23;TRF INMED PROVEED;Netqual Srl | VARIOS | BANCO DE GALICIA Y B;;-157.077,36;4.087.852,79
01/09/23;IMP. DEB. LEY 25413;;;-942,46;4.086.910,33
01/09/23;TRF INMED PROVEED;Iezzi Nestor Ignacio | VARIOS | BANCO SANTANDER RIO;;-250.000,00;3.836.910,33
01/09/23;IMP. DEB. LEY 25413;;;-1.500,00;3.835.410,33
01/09/23;TRF INMED PROVEED;Walter Alfredo Peran | VARIOS | BANCO DE GALICIA Y B;;-66.338,25;3.769.072,08
01/09/23;IMP. DEB. LEY 25413;;;-398,03;3.768.674,05
01/09/23;TRF INMED PROVEED;Sistemas Analiticos | VARIOS | BANCO DE GALICIA Y B;;-357.181,93;3.411.492,12
01/09/23;IMP. DEB. LEY 25413;;;-2.143,09;3.409.349,03
01/09/23;TRF INMED PROVEED;Netone Tech Sa | VARIOS | BANCO DE GALICIA Y B;;-14.494,01;3.394.855,02
01/09/23;IMP. DEB. LEY 25413;;;-86,96;3.394.768,06
01/09/23;TRF INMED PROVEED;Oscar Horacio Bulgar | VARIOS | BANCO DE GALICIA Y B;;-30.008,00;3.364.760,06
01/09/23;IMP. DEB. LEY 25413;;;-180,05;3.364.580,01
01/09/23;SERVICIO ACREDITAMIENTO DE;HABERES | ACRED.HABERES | Resumen de Cuenta Corriente en Pesos Página 2 / 48 | 20230929040494846H;;-120.000,00;3.244.580,01
01/09/23;IMP. DEB. LEY 25413;;;-720,00;3.243.860,01
01/09/23;SERVICIO ACREDITAMIENTO DE;HABERES | ACRED.HABERES;;-120.000,00;3.123.860,01
01/09/23;IMP. DEB. LEY 25413;;;-720,00;3.123.140,01
01/09/23;SERVICIO ACREDITAMIENTO DE;HABERES | ACRED.HABERES;;-1.630.000,00;1.493.140,01
01/09/23;IMP. DEB. LEY 25413;;;-9.780,00;1.483.360,01
01/09/23;SERVICIO ACREDITAMIENTO DE;HABERES | ACRED.HABERES;;-240.000,00;1.243.360,01
01/09/23;IMP. DEB. LEY 25413;;;-1.440,00;1.241.920,01
01/09/23;SUSCRIPCION FIMA;FIMA PREMIUM CLASE A;;-1.200.000,00;41.920,01
01/09/23;COMISION SERVICIO DE CUENTA;Agosto 2023;;-13.125,00;28.795,01
01/09/23;IVA;Agosto 2023;;-2.756,25;26.038,76
01/09/23;IMP. ING. BRUTOS;Agosto 2023 | Capital Federal;;-393,75;25.645,01
01/09/23;IMP. DEB. LEY 25413;Agosto 2023;;-97,65;25.547,36
01/09/23;COM. DEPOSITO DE CHEQUE EN;OTRA SUC | Agosto 2023;;-500,00;25.047,36
01/09/23;IVA;Agosto 2023;;-105,00;24.942,36
01/09/23;IMP. DEB. LEY 25413;Agosto 2023;;-3,63;24.938,73
04/09/23;TRANSFERENCIAS CASH;PROVEEDORES | ACEITERA GENERAL | BANCO SANTANDER RIO;222.121,49;;247.060,22
04/09/23;IMP. CRE. LEY 25413;;;-1.332,73;245.727,49
04/09/23;ING. BRUTOS S/ CRED;DT.301/03-TUCUMAN | Resumen de Cuenta Corriente en Pesos Página 3 / 48 | 20230929040494846H;;-66,64;245.660,85
04/09/23;IMP. DEB. LEY 25413;;;-0,40;245.660,45
04/09/23;ING. BRUTOS S/ CRED;REG.RECAU.SIRCREB;;-444,24;245.216,21
04/09/23;IMP. DEB. LEY 25413;;;-2,67;245.213,54
04/09/23;SERVICIO PAGO A PROVEEDORES;C G QUIMICA DE CECIL | FACTURAS | BANCO DE GALICIA Y B;61.915,70;;307.129,24
04/09/23;IMP. CRE. LEY 25413;;;-371,49;306.757,75
04/09/23;ING. BRUTOS S/ CRED;DT.301/03-TUCUMAN;;-18,57;306.739,18
04/09/23;IMP. DEB. LEY 25413;;;-0,11;306.739,07
04/09/23;ING. BRUTOS S/ CRED;REG.RECAU.SIRCREB;;-123,83;306.615,24
04/09/23;IMP. DEB. LEY 25413;;;-0,74;306.614,50
04/09/23;TRANSFERENCIA DE CUENTA 0074;PROPIA | BAIRES ANALITICA SRL | CUENTA ORIGEN CTA CT | VARIOS;490.000,00;;796.614,50
04/09/23;RESCATE FIMA;FIMA PREMIUM CLASE A;850.000,00;;1.646.614,50
04/09/23;TRF INMED PROVEED;Pluscargo Argentina | VARIOS | INDUSTRIAL AND COMME;;-1.580.094,21;66.520,29
04/09/23;COM. GESTION TRANSF.FDOS;ENTRE BCOS;;-700,00;65.820,29
04/09/23;IMP. DEB. LEY 25413;;;-9.480,57;56.339,72
04/09/23;IVA;;;-147,00;56.192,72
04/09/23;IMP. DEB. LEY 25413;;;-5,08;56.187,64
04/09/23;COM. DEPOSITO DE CHEQ;BOL.30570816;;-1.020,00;55.167,64
04/09/23;IVA;;;-214,20;54.953,44
04/09/23;IMP. DEB. LEY 25413;Resumen de Cuenta Corriente en Pesos Página 4 / 48 | 20230929040494846H;;-7,41;54.946,03
05/09/23;DEB. AUTOM. DE SERV.;MAPFRE VIDA | SEGUROS PE;;-4.034,78;50.911,25
05/09/23;IMP. DEB. LEY 25413;;;-24,21;50.887,04
05/09/23;DEB. AUTOM. DE SERV.;MAPFRE RETIRO | SEGUROS PE;;-12.202,38;38.684,66
05/09/23;IMP. DEB. LEY 25413;;;-73,21;38.611,45
05/09/23;DEB. AUTOM. DE SERV.;MAPFRE RETIRO | SEGUROS PE;;-23.819,62;14.791,83
05/09/23;IMP. DEB. LEY 25413;;;-142,92;14.648,91
05/09/23;DEB. AUTOM. DE SERV.;MAPFRE RETIRO | SEGUROS PE;;-25.748,83;11.099,92
05/09/23;IMP. DEB. LEY 25413;;;-154,49;11.254,41
05/09/23;DEB. AUTOM. DE SERV.;MAPFRE VIDA | SEGUROS PE;;-26.709,47;37.963,88
05/09/23;IMP. DEB. LEY 25413;;;-160,26;38.124,14
05/09/23;DEB. AUTOM. DE SERV.;MAPFRE RETIRO | SEGUROS PE;;-33.229,55;71.353,69
05/09/23;IMP. DEB. LEY 25413;;;-199,38;71.553,07
05/09/23;DEB. AUTOM. DE SERV.;MAPFRE RETIRO | SEGUROS PE;;-47.953,27;119.506,34
05/09/23;IMP. DEB. LEY 25413;;;-287,72;119.794,06
05/09/23;TRANSFERENCIA DE TERCEROS;SERVICIOS ECOLOGICOS | Factura | BANCO BBVA ARGENTINA | Resumen de Cuenta Corriente en Pesos Página 5 / 48 | 20230929040494846H;62.436,00;;57.358,06
05/09/23;IMP. CRE. LEY 25413;;;-374,62;57.732,68
05/09/23;ING. BRUTOS S/ CRED;DT.301/03-TUCUMAN;;-18,73;57.751,41
05/09/23;IMP. DEB. LEY 25413;;;-0,11;57.751,52
05/09/23;ING. BRUTOS S/ CRED;REG.RECAU.SIRCREB;;-124,87;57.876,39
05/09/23;IMP. DEB. LEY 25413;;;-0,75;57.877,14
05/09/23;RESCATE FIMA;FIMA PREMIUM CLASE A;6.600.000,00;;6.542.122,86
05/09/23;TRANSF. AFIP;VEP 1147115563;;-1.789.000,00;4.753.122,86
05/09/23;IMP. DEB. LEY 25413;;;-10.734,00;4.742.388,86
05/09/23;TRF INMED PROVEED;Iezzi Nestor Ignacio | VARIOS | BANCO SANTANDER RIO;;-250.000,00;4.492.388,86
05/09/23;IMP. DEB. LEY 25413;;;-1.500,00;4.490.888,86
05/09/23;SERVICIO ACREDITAMIENTO DE;HABERES | ACRED.HABERES;;-3.316.553,20;1.174.335,66
05/09/23;IMP. DEB. LEY 25413;;;-19.899,32;1.154.436,34
05/09/23;SERVICIO ACREDITAMIENTO DE;HABERES | ACRED.HABERES;;-398.085,00;756.351,34
05/09/23;IMP. DEB. LEY 25413;;;-2.388,51;753.962,83
05/09/23;TRF INMED PROVEED;Patricia Silvia Esco | VARIOS | BANCO DE GALICIA Y B;;-55.660,00;698.302,83
05/09/23;IMP. DEB. LEY 25413;;;-333,96;697.968,87
05/09/23;TRANSF INMED CP;BAIRES ANALITICA SRL | TRANSF.PROPIAS | BANCO CREDICOOP COOP | Resumen de Cuenta Corriente en Pesos Página 6 / 48 | 20230929040494846H;;-250.000,00;447.968,87
05/09/23;TRF INMED PROVEED;Iezzi Nestor Ignacio | VARIOS | BANCO SANTANDER RIO;;-73.000,00;374.968,87
05/09/23;COM. GESTION TRANSF.FDOS;ENTRE BCOS;;-700,00;374.268,87
05/09/23;IMP. DEB. LEY 25413;;;-438,00;373.830,87
05/09/23;IVA;;;-147,00;373.683,87
05/09/23;IMP. DEB. LEY 25413;;;-5,08;373.678,79
05/09/23;SNP PAGO A PROVEEDORES;MINERA EXAR S.A. | INDUSTRIAL AND COMME;20.396,15;;394.074,94
05/09/23;IMP. CRE. LEY 25413;;;-122,38;393.952,56
05/09/23;ING. BRUTOS S/ CRED;DT.301/03-TUCUMAN;;-6,12;393.946,44
05/09/23;IMP. DEB. LEY 25413;;;-0,04;393.946,40
05/09/23;ING. BRUTOS S/ CRED;REG.RECAU.SIRCREB;;-40,79;393.905,61
05/09/23;IMP. DEB. LEY 25413;;;-0,24;393.905,37
05/09/23;G.DE CHEQUE Q:7800058 0999;BOL:0570816;85.000,00;;478.905,37
05/09/23;IMP. CRE. LEY 25413;;;-510,00;478.395,37
05/09/23;ING. BRUTOS S/ CRED;DT.301/03-TUCUMAN;;-25,50;478.369,87
05/09/23;IMP. DEB. LEY 25413;;;-0,15;478.369,72
05/09/23;ING. BRUTOS S/ CRED;REG.RECAU.SIRCREB;;-170,00;478.199,72
05/09/23;IMP. DEB. LEY 25413;;;-1,02;478.198,70
05/09/23;COM. DEPOSITO DE CHEQ;BOL.30711533;;-2.604,42;475.594,28
05/09/23;IVA;;;-546,93;475.047,35
05/09/23;IMP. DEB. LEY 25413;;;-18,91;475.028,44
06/09/23;CUOTA DE PRESTAMO;CUOTA 8 | Resumen de Cuenta Corriente en Pesos Página 7 / 48 | 20230929040494846H;;-2.038.765,89;1.563.737,45
06/09/23;IMP. DEB. LEY 25413;;;-12.232,60;1.575.970,05
06/09/23;RESCATE FIMA;FIMA PREMIUM CLASE A;1.600.000,00;;24.029,95
06/09/23;TRANSFERENCIAS CASH;PROVEEDORES | ACA BIO COOP. LTDA. | BANCO DE LA NACION A;672.494,61;;696.524,56
06/09/23;IMP. CRE. LEY 25413;;;-4.034,97;692.489,59
06/09/23;ING. BRUTOS S/ CRED;DT.301/03-TUCUMAN;;-201,75;692.287,84
06/09/23;IMP. DEB. LEY 25413;;;-1,21;692.286,63
06/09/23;ING. BRUTOS S/ CRED;REG.RECAU.SIRCREB;;-1.344,99;690.941,64
06/09/23;IMP. DEB. LEY 25413;;;-8,07;690.933,57
06/09/23;G.DE CHEQUE Q:0020465;BOL:0711533;217.035,83;;907.969,40
06/09/23;IMP. CRE. LEY 25413;;;-1.302,21;906.667,19
06/09/23;ING. BRUTOS S/ CRED;DT.301/03-TUCUMAN;;-65,11;906.602,08
06/09/23;IMP. DEB. LEY 25413;;;-0,39;906.601,69
06/09/23;ING. BRUTOS S/ CRED;REG.RECAU.SIRCREB;;-434,07;906.167,62
06/09/23;IMP. DEB. LEY 25413;;;-2,60;906.165,02
06/09/23;G.DE ECHEQ Q:9433321;BOL:0750717;59.018.217,03;;59.924.382,05
06/09/23;IMP. CRE. LEY 25413;;;-354.109,30;59.570.272,75
06/09/23;ING. BRUTOS S/ CRED;DT.301/03-TUCUMAN;;-17.705,47;59.552.567,28
06/09/23;IMP. DEB. LEY 25413;;;-106,23;59.552.461,05
06/09/23;ING. BRUTOS S/ CRED;REG.RECAU.SIRCREB;;-118.036,43;59.434.424,62
06/09/23;IMP. DEB. LEY 25413;;;-708,22;59.433.716,40
07/09/23;DEB. AUTOM. DE SERV.;SERVICIOS TICKET | TICKET SA | Resumen de Cuenta Corriente en Pesos Página 8 / 48 | 20230929040494846H;;-46.986,58;59.386.729,82
07/09/23;IMP. DEB. LEY 25413;;;-281,92;59.386.447,90
07/09/23;TRANSFERENCIA DE TERCEROS;GUILLERMO FEDERICO G | FACTURAS | BANCO DE GALICIA Y B;20.895,06;;59.407.342,96
07/09/23;IMP. CRE. LEY 25413;;;-125,37;59.407.217,59
07/09/23;ING. BRUTOS S/ CRED;DT.301/03-TUCUMAN;;-6,27;59.407.211,32
07/09/23;IMP. DEB. LEY 25413;;;-0,04;59.407.211,28
07/09/23;ING. BRUTOS S/ CRED;REG.RECAU.SIRCREB;;-41,79;59.407.169,49
07/09/23;IMP. DEB. LEY 25413;;;-0,25;59.407.169,24
07/09/23;TRANSFERENCIA DE TERCEROS 0074;CUIT30709796018 | CUENTA ORIGEN CTA CT | VARIOS;227.911,55;;59.635.080,79
07/09/23;IMP. CRE. LEY 25413;;;-1.367,47;59.633.713,32
07/09/23;ING. BRUTOS S/ CRED;DT.301/03-TUCUMAN;;-68,37;59.633.644,95
07/09/23;IMP. DEB. LEY 25413;;;-0,41;59.633.644,54
07/09/23;ING. BRUTOS S/ CRED;REG.RECAU.SIRCREB;;-455,82;59.633.188,72
07/09/23;IMP. DEB. LEY 25413;;;-2,73;59.633.185,99
07/09/23;TRANSF INMED CP;BAIRES ANALITICA SRL | TRANSF.PROPIAS | BANCO CREDICOOP COOP;;-10.000.000,00;49.633.185,99
07/09/23;TRANSFERENCIA DE TERCEROS 0074;CUIT30545719386 | CUENTA ORIGEN CTA CT | VARIOS;500.189,38;;50.133.375,37
07/09/23;IMP. CRE. LEY 25413;;;-3.001,14;50.130.374,23
07/09/23;ING. BRUTOS S/ CRED;DT.301/03-TUCUMAN | Resumen de Cuenta Corriente en Pesos Página 9 / 48 | 20230929040494846H;;-150,06;50.130.224,17
07/09/23;IMP. DEB. LEY 25413;;;-0,90;50.130.223,27
07/09/23;ING. BRUTOS S/ CRED;REG.RECAU.SIRCREB;;-1.000,38;50.129.222,89
07/09/23;IMP. DEB. LEY 25413;;;-6,00;50.129.216,89
07/09/23;CONSTITUCION PLAZO FIJO INV;EN CTA;;-10.000.000,00;40.129.216,89
07/09/23;TRF INMED PROVEED;Rodrigo Alejandro Co | VARIOS | MERCADO LIBRE SRL;;-130.000,00;39.999.216,89
07/09/23;IMP. DEB. LEY 25413;;;-780,00;39.998.436,89
07/09/23;TRF INMED PROVEED;Ruben Arnaldo Gauna | VARIOS | INDUSTRIAL AND COMME;;-209.195,00;39.789.241,89
07/09/23;COM. GESTION TRANSF.FDOS;ENTRE BCOS;;-700,00;39.788.541,89
07/09/23;IMP. DEB. LEY 25413;;;-1.255,17;39.787.286,72
07/09/23;IVA;;;-147,00;39.787.139,72
07/09/23;IMP. DEB. LEY 25413;;;-5,08;39.787.134,64
07/09/23;TRF INMED PROVEED;Jorge Roberto Guerre | VARIOS | INDUSTRIAL AND COMME;;-411.677,03;39.375.457,61
07/09/23;COM. GESTION TRANSF.FDOS;ENTRE BCOS;;-700,00;39.374.757,61
07/09/23;IMP. DEB. LEY 25413;;;-2.470,06;39.372.287,55
07/09/23;IVA;;;-147,00;39.372.140,55
07/09/23;IMP. DEB. LEY 25413;;;-5,08;39.372.135,47
07/09/23;TRF INMED PROVEED;M.I.V.. Manufactura | VARIOS | BANCO DE GALICIA Y B;;-300.613,88;39.071.521,59
07/09/23;IMP. DEB. LEY 25413;Resumen de Cuenta Corriente en Pesos Página 10 / 48 | 20230929040494846H;;-1.803,68;39.069.717,91
07/09/23;TRF INMED PROVEED;Schinocca Roberto Ju | VARIOS | BANCO SANTANDER RIO;;-96.000,00;38.973.717,91
07/09/23;COM. GESTION TRANSF.FDOS;ENTRE BCOS;;-700,00;38.973.017,91
07/09/23;IMP. DEB. LEY 25413;;;-576,00;38.972.441,91
07/09/23;IVA;;;-147,00;38.972.294,91
07/09/23;IMP. DEB. LEY 25413;;;-5,08;38.972.289,83
07/09/23;TRF INMED PROVEED;Netqual Srl | VARIOS | BANCO DE GALICIA Y B;;-171.360,20;38.800.929,63
07/09/23;IMP. DEB. LEY 25413;;;-1.028,16;38.799.901,47
07/09/23;TRF INMED PROVEED;Masciotta Pablo Gabr | VARIOS | BANCO SANTANDER RIO;;-21.000,00;38.778.901,47
07/09/23;COM. GESTION TRANSF.FDOS;ENTRE BCOS;;-700,00;38.778.201,47
07/09/23;IMP. DEB. LEY 25413;;;-126,00;38.778.075,47
07/09/23;IVA;;;-147,00;38.777.928,47
07/09/23;IMP. DEB. LEY 25413;;;-5,08;38.777.923,39
07/09/23;TRF INMED PROVEED;Daniel Maiocchi | VARIOS | INDUSTRIAL AND COMME;;-140.856,10;38.637.067,29
07/09/23;COM. GESTION TRANSF.FDOS;ENTRE BCOS;;-700,00;38.636.367,29
07/09/23;IMP. DEB. LEY 25413;;;-845,14;38.635.522,15
07/09/23;IVA;;;-147,00;38.635.375,15
07/09/23;IMP. DEB. LEY 25413;Resumen de Cuenta Corriente en Pesos Página 11 / 48 | 20230929040494846H;;-5,08;38.635.370,07
07/09/23;TRF INMED PROVEED;Canese, Carlos Guill | VARIOS | BANCO SUPERVIELLE S.;;-97.236,00;38.538.134,07
07/09/23;COM. GESTION TRANSF.FDOS;ENTRE BCOS;;-700,00;38.537.434,07
07/09/23;IMP. DEB. LEY 25413;;;-583,42;38.536.850,65
07/09/23;IVA;;;-147,00;38.536.703,65
07/09/23;IMP. DEB. LEY 25413;;;-5,08;38.536.698,57
07/09/23;TRF INMED PROVEED;Edaci Srl | VARIOS | BANCO SUPERVIELLE S.;;-17.787,00;38.518.911,57
07/09/23;COM. GESTION TRANSF.FDOS;ENTRE BCOS;;-700,00;38.518.211,57
07/09/23;IMP. DEB. LEY 25413;;;-106,72;38.518.104,85
07/09/23;IVA;;;-147,00;38.517.957,85
07/09/23;IMP. DEB. LEY 25413;;;-5,08;38.517.952,77
07/09/23;TRF INMED PROVEED;Patricia Silvia Esco | VARIOS | BANCO DE GALICIA Y B;;-70.436,38;38.447.516,39
07/09/23;IMP. DEB. LEY 25413;;;-422,62;38.447.093,77
07/09/23;TRF INMED PROVEED;Lasarte Hnos Srl | VARIOS | BANCO CREDICOOP COOP;;-458.153,22;37.988.940,55
07/09/23;COM. GESTION TRANSF.FDOS;ENTRE BCOS;;-700,00;37.988.240,55
07/09/23;IMP. DEB. LEY 25413;;;-2.748,92;37.985.491,63
07/09/23;IVA;;;-147,00;37.985.344,63
07/09/23;IMP. DEB. LEY 25413;Resumen de Cuenta Corriente en Pesos Página 12 / 48 | 20230929040494846H;;-5,08;37.985.339,55
07/09/23;TRF INMED PROVEED;Ignacio Alberto Made | VARIOS | BANCO DE GALICIA Y B;;-295.526,66;37.689.812,89
07/09/23;IMP. DEB. LEY 25413;;;-1.773,16;37.688.039,73
07/09/23;TRF INMED PROVEED;Ruben Arnaldo Gauna | VARIOS | INDUSTRIAL AND COMME;;-24.000,00;37.664.039,73
07/09/23;COM. GESTION TRANSF.FDOS;ENTRE BCOS;;-700,00;37.663.339,73
07/09/23;IMP. DEB. LEY 25413;;;-144,00;37.663.195,73
07/09/23;IVA;;;-147,00;37.663.048,73
07/09/23;IMP. DEB. LEY 25413;;;-5,08;37.663.043,65
07/09/23;SUSCRIPCION FIMA;FIMA PREMIUM CLASE A;;-37.000.000,00;663.043,65
07/09/23;TRANSFERENCIA DE TERCEROS;COTECNA INSPECCION A | VARIOS | BANCO DE GALICIA Y B;183.422,15;;846.465,80
07/09/23;IMP. CRE. LEY 25413;;;-1.100,53;845.365,27
07/09/23;ING. BRUTOS S/ CRED;DT.301/03-TUCUMAN;;-55,03;845.310,24
07/09/23;IMP. DEB. LEY 25413;;;-0,33;845.309,91
07/09/23;ING. BRUTOS S/ CRED;REG.RECAU.SIRCREB;;-366,84;844.943,07
07/09/23;IMP. DEB. LEY 25413;;;-2,20;844.940,87
07/09/23;TRANSFERENCIAS CASH;PROVEEDORES | CENTRALES DE LA COST | BANCO DE LA PROVINCI;118.902,61;;963.843,48
07/09/23;IMP. CRE. LEY 25413;;;-713,42;963.130,06
07/09/23;ING. BRUTOS S/ CRED;DT.301/03-TUCUMAN;;-35,67;963.094,39
07/09/23;IMP. DEB. LEY 25413;Resumen de Cuenta Corriente en Pesos Página 13 / 48 | 20230929040494846H;;-0,21;963.094,18
07/09/23;ING. BRUTOS S/ CRED;REG.RECAU.SIRCREB;;-237,81;962.856,37
07/09/23;IMP. DEB. LEY 25413;;;-1,43;962.854,94
08/09/23;TRANSFERENCIA DE TERCEROS;SERVICIOS ECOLOGICOS | Factura | BANCO BBVA ARGENTINA;79.134,00;;1.041.988,94
08/09/23;IMP. CRE. LEY 25413;;;-474,80;1.041.514,14
08/09/23;ING. BRUTOS S/ CRED;DT.301/03-TUCUMAN;;-23,74;1.041.490,40
08/09/23;IMP. DEB. LEY 25413;;;-0,14;1.041.490,26
08/09/23;ING. BRUTOS S/ CRED;REG.RECAU.SIRCREB;;-158,27;1.041.331,99
08/09/23;IMP. DEB. LEY 25413;;;-0,95;1.041.331,04
08/09/23;SUSCRIPCION FIMA;FIMA PREMIUM CLASE A;;-1.000.000,00;41.331,04
08/09/23;TRANSFERENCIAS CASH;PROVEEDORES | PPE ARGENTINA S.A. | BANCO SANTANDER RIO;147.215,63;;188.546,67
08/09/23;IMP. CRE. LEY 25413;;;-883,29;187.663,38
08/09/23;ING. BRUTOS S/ CRED;DT.301/03-TUCUMAN;;-44,16;187.619,22
08/09/23;IMP. DEB. LEY 25413;;;-0,26;187.618,96
08/09/23;ING. BRUTOS S/ CRED;REG.RECAU.SIRCREB;;-294,43;187.324,53
08/09/23;IMP. DEB. LEY 25413;;;-1,77;187.322,76
08/09/23;RESCATE FIMA;FIMA PREMIUM CLASE A;10.000,00;;197.322,76
08/09/23;TRF INMED PROVEED;Fondo Cooperacion Te | VARIOS | BANCO DE LA NACION A;;-45.000,00;152.322,76
08/09/23;IMP. DEB. LEY 25413;;;-270,00;152.052,76
08/09/23;SNP PAGO A PROVEEDORES;COOP ELECT S C B | BANCO CREDICOOP COOP | Resumen de Cuenta Corriente en Pesos Página 14 / 48 | 20230929040494846H;660.367,12;;812.419,88
08/09/23;IMP. CRE. LEY 25413;;;-3.962,20;808.457,68
08/09/23;ING. BRUTOS S/ CRED;DT.301/03-TUCUMAN;;-198,11;808.259,57
08/09/23;IMP. DEB. LEY 25413;;;-1,19;808.258,38
08/09/23;ING. BRUTOS S/ CRED;REG.RECAU.SIRCREB;;-1.320,73;806.937,65
08/09/23;IMP. DEB. LEY 25413;;;-7,92;806.929,73
08/09/23;G.DE CHEQUE Q:7501117 0028;BOL:0856884;284.194,52;;1.091.124,25
08/09/23;IMP. CRE. LEY 25413;;;-1.705,17;1.089.419,08
08/09/23;ING. BRUTOS S/ CRED;DT.301/03-TUCUMAN;;-85,26;1.089.333,82
08/09/23;IMP. DEB. LEY 25413;;;-0,51;1.089.333,31
08/09/23;ING. BRUTOS S/ CRED;REG.RECAU.SIRCREB;;-568,39;1.088.764,92
08/09/23;IMP. DEB. LEY 25413;;;-3,41;1.088.761,51
11/09/23;TRANSF INMED CP;BAIRES ANALITICA S | TRANSF.PROPIAS | BANCO BBVA ARGENTINA;;-40.000,00;1.048.761,51
11/09/23;TRANSFERENCIAS CASH;PROVEEDORES | ACEITERA GENERAL | BANCO SANTANDER RIO;57.731,66;;1.106.493,17
11/09/23;IMP. CRE. LEY 25413;;;-346,39;1.106.146,78
11/09/23;ING. BRUTOS S/ CRED;DT.301/03-TUCUMAN;;-17,32;1.106.129,46
11/09/23;IMP. DEB. LEY 25413;;;-0,10;1.106.129,36
11/09/23;ING. BRUTOS S/ CRED;REG.RECAU.SIRCREB;;-115,46;1.106.013,90
11/09/23;IMP. DEB. LEY 25413;;;-0,69;1.106.013,21
11/09/23;TRANSFERENCIA DE TERCEROS 00D0;Y.M.A.D. | CUENTA ORIGEN CTA CT | FACTURA | Resumen de Cuenta Corriente en Pesos Página 15 / 48 | 20230929040494846H;33.875,16;;1.139.888,37
11/09/23;IMP. CRE. LEY 25413;;;-203,25;1.139.685,12
11/09/23;ING. BRUTOS S/ CRED;DT.301/03-TUCUMAN;;-10,16;1.139.674,96
11/09/23;IMP. DEB. LEY 25413;;;-0,06;1.139.674,90
11/09/23;ING. BRUTOS S/ CRED;REG.RECAU.SIRCREB;;-67,75;1.139.607,15
11/09/23;IMP. DEB. LEY 25413;;;-0,41;1.139.606,74
11/09/23;TRANSF. AFIP;VEP 1149760777;;-6.011,58;1.133.595,16
11/09/23;IMP. DEB. LEY 25413;;;-36,07;1.133.559,09
11/09/23;TRF INMED PROVEED;NAVICON LOGISTICA GL | VARIOS | INDUSTRIAL AND COMME;;-860.666,32;272.892,77
11/09/23;COM. GESTION TRANSF.FDOS;ENTRE BCOS;;-700,00;272.192,77
11/09/23;IMP. DEB. LEY 25413;;;-5.164,00;267.028,77
11/09/23;IVA;;;-147,00;266.881,77
11/09/23;IMP. DEB. LEY 25413;;;-5,08;266.876,69
11/09/23;RESCATE FIMA;FIMA PREMIUM CLASE A;200.000,00;;466.876,69
11/09/23;TRF INMED PROVEED;NAVICON LOGISTICA GL | VARIOS | INDUSTRIAL AND COMME;;-402.283,18;64.593,51
11/09/23;COM. GESTION TRANSF.FDOS;ENTRE BCOS;;-700,00;63.893,51
11/09/23;IMP. DEB. LEY 25413;;;-2.413,70;61.479,81
11/09/23;IVA;;;-147,00;61.332,81
11/09/23;IMP. DEB. LEY 25413;;;-5,08;61.327,73
11/09/23;TRANSFERENCIAS CASH;PROVEEDORES | TOYOTA ARGENTINA S A | BANCO DE GALICIA Y B;842.458,65;;903.786,38
11/09/23;IMP. CRE. LEY 25413;Resumen de Cuenta Corriente en Pesos Página 16 / 48 | 20230929040494846H;;-5.054,75;898.731,63
11/09/23;ING. BRUTOS S/ CRED;DT.301/03-TUCUMAN;;-252,74;898.478,89
11/09/23;IMP. DEB. LEY 25413;;;-1,52;898.477,37
11/09/23;ING. BRUTOS S/ CRED;REG.RECAU.SIRCREB;;-1.684,92;896.792,45
11/09/23;IMP. DEB. LEY 25413;;;-10,11;896.782,34
11/09/23;COM. DEPOSITO DE ECHEQ NRO.;;;-32.340,00;864.442,34
11/09/23;IVA;;;-6.791,40;857.650,94
11/09/23;IMP. ING. BRUTOS;Capital Federal;;-970,20;856.680,74
11/09/23;IMP. DEB. LEY 25413;;;-240,61;856.440,13
11/09/23;PAGO VISA EMPRESA;D.A. AL VTO BUSINESS;;-172.422,85;684.017,28
11/09/23;IMP. DEB. LEY 25413;;;-1.034,54;682.982,74
12/09/23;TRANSFERENCIAS CASH;PROVEEDORES | Aguas Santafesinas S | NUEVO BANCO DE SANTA;51.232,68;;734.215,42
12/09/23;IMP. CRE. LEY 25413;;;-307,40;733.908,02
12/09/23;ING. BRUTOS S/ CRED;DT.301/03-TUCUMAN;;-15,37;733.892,65
12/09/23;IMP. DEB. LEY 25413;;;-0,09;733.892,56
12/09/23;ING. BRUTOS S/ CRED;REG.RECAU.SIRCREB;;-102,47;733.790,09
12/09/23;IMP. DEB. LEY 25413;;;-0,61;733.789,48
12/09/23;TRANSFERENCIA DE TERCEROS 0074;CUIT30709796018 | CUENTA ORIGEN CTA CT | VARIOS;619.907,45;;1.353.696,93
12/09/23;IMP. CRE. LEY 25413;;;-3.719,44;1.349.977,49
12/09/23;ING. BRUTOS S/ CRED;DT.301/03-TUCUMAN;;-185,97;1.349.791,52
12/09/23;IMP. DEB. LEY 25413;Resumen de Cuenta Corriente en Pesos Página 17 / 48 | 20230929040494846H;;-1,12;1.349.790,40
12/09/23;ING. BRUTOS S/ CRED;REG.RECAU.SIRCREB;;-1.239,81;1.348.550,59
12/09/23;IMP. DEB. LEY 25413;;;-7,44;1.348.543,15
12/09/23;SERVICIO PAGO A PROVEEDORES;C G QUIMICA DE CECIL | VARIOS | BANCO DE GALICIA Y B;183.535,83;;1.532.078,98
12/09/23;IMP. CRE. LEY 25413;;;-1.101,21;1.530.977,77
12/09/23;ING. BRUTOS S/ CRED;DT.301/03-TUCUMAN;;-55,06;1.530.922,71
12/09/23;IMP. DEB. LEY 25413;;;-0,33;1.530.922,38
12/09/23;ING. BRUTOS S/ CRED;REG.RECAU.SIRCREB;;-367,07;1.530.555,31
12/09/23;IMP. DEB. LEY 25413;;;-2,20;1.530.553,11
12/09/23;G.DE ECHEQ Q:0035929;BOL:1807705;1.880,31;;1.532.433,42
12/09/23;IMP. CRE. LEY 25413;;;-11,28;1.532.422,14
12/09/23;ING. BRUTOS S/ CRED;DT.301/03-TUCUMAN;;-0,56;1.532.421,58
12/09/23;ING. BRUTOS S/ CRED;REG.RECAU.SIRCREB;;-3,76;1.532.417,82
12/09/23;IMP. DEB. LEY 25413;;;-0,02;1.532.417,80
12/09/23;G.DE ECHEQ Q:3382645;BOL:1807551;4.620.000,00;;6.152.417,80
12/09/23;IMP. CRE. LEY 25413;;;-27.720,00;6.124.697,80
12/09/23;ING. BRUTOS S/ CRED;DT.301/03-TUCUMAN;;-1.386,00;6.123.311,80
12/09/23;IMP. DEB. LEY 25413;;;-8,32;6.123.303,48
12/09/23;ING. BRUTOS S/ CRED;REG.RECAU.SIRCREB;;-9.240,00;6.114.063,48
12/09/23;IMP. DEB. LEY 25413;;;-55,44;6.114.008,04
12/09/23;COM. DEPOSITO DE CHEQ;BOL.31255302;;-2.604,42;6.111.403,62
12/09/23;IVA;;;-546,93;6.110.856,69
12/09/23;IMP. DEB. LEY 25413;Resumen de Cuenta Corriente en Pesos Página 18 / 48 | 20230929040494846H;;-18,91;6.110.837,78
13/09/23;DEB. AUTOM. DE SERV.;SENASA | ARANCELES;;-4.039,58;6.106.798,20
13/09/23;IMP. DEB. LEY 25413;;;-24,24;6.106.773,96
13/09/23;TRANSFERENCIA DE TERCEROS;COOPERATIVA DE TRABA | Factura | BANCO MACRO S.A.;47.292,33;;6.154.066,29
13/09/23;IMP. CRE. LEY 25413;;;-283,75;6.153.782,54
13/09/23;ING. BRUTOS S/ CRED;DT.301/03-TUCUMAN;;-14,19;6.153.768,35
13/09/23;IMP. DEB. LEY 25413;;;-0,09;6.153.768,26
13/09/23;ING. BRUTOS S/ CRED;REG.RECAU.SIRCREB;;-94,58;6.153.673,68
13/09/23;IMP. DEB. LEY 25413;;;-0,57;6.153.673,11
13/09/23;TRANSFERENCIA DE TERCEROS 0074;CUIT30545719386 | CUENTA ORIGEN CTA CT | VARIOS;4.657,50;;6.158.330,61
13/09/23;IMP. CRE. LEY 25413;;;-27,95;6.158.302,66
13/09/23;ING. BRUTOS S/ CRED;DT.301/03-TUCUMAN;;-1,40;6.158.301,26
13/09/23;IMP. DEB. LEY 25413;;;-0,01;6.158.301,25
13/09/23;ING. BRUTOS S/ CRED;REG.RECAU.SIRCREB;;-9,32;6.158.291,93
13/09/23;IMP. DEB. LEY 25413;;;-0,06;6.158.291,87
13/09/23;TRANSFERENCIA DE TERCEROS 0074;CUIT30709796018 | CUENTA ORIGEN CTA CT | VARIOS;9.936,05;;6.168.227,92
13/09/23;IMP. CRE. LEY 25413;;;-59,62;6.168.168,30
13/09/23;ING. BRUTOS S/ CRED;DT.301/03-TUCUMAN;;-2,98;6.168.165,32
13/09/23;IMP. DEB. LEY 25413;Resumen de Cuenta Corriente en Pesos Página 19 / 48 | 20230929040494846H;;-0,02;6.168.165,30
13/09/23;ING. BRUTOS S/ CRED;REG.RECAU.SIRCREB;;-19,87;6.168.145,43
13/09/23;IMP. DEB. LEY 25413;;;-0,12;6.168.145,31
13/09/23;TRF INMED PROVEED;Navicon Logistica Gl | VARIOS | INDUSTRIAL AND COMME;;-83.943,94;6.084.201,37
13/09/23;IMP. DEB. LEY 25413;;;-503,66;6.083.697,71
13/09/23;TRANSF. AFIP;VEP 1150343782;;-2.132.042,13;3.951.655,58
13/09/23;IMP. DEB. LEY 25413;;;-12.792,25;3.938.863,33
13/09/23;SUSCRIPCION FIMA;FIMA PREMIUM CLASE A;;-3.500.000,00;438.863,33
13/09/23;G.DE ECHEQ Q:0002044;BOL:1292161;46.848,36;;485.711,69
13/09/23;IMP. CRE. LEY 25413;;;-281,09;485.430,60
13/09/23;ING. BRUTOS S/ CRED;DT.301/03-TUCUMAN;;-14,05;485.416,55
13/09/23;IMP. DEB. LEY 25413;;;-0,08;485.416,47
13/09/23;ING. BRUTOS S/ CRED;REG.RECAU.SIRCREB;;-93,70;485.322,77
13/09/23;IMP. DEB. LEY 25413;;;-0,56;485.322,21
13/09/23;G.DE CHEQUE Q:0020466;BOL:1255302;217.035,83;;702.358,04
13/09/23;IMP. CRE. LEY 25413;;;-1.302,21;701.055,83
13/09/23;ING. BRUTOS S/ CRED;DT.301/03-TUCUMAN;;-65,11;700.990,72
13/09/23;IMP. DEB. LEY 25413;;;-0,39;700.990,33
13/09/23;ING. BRUTOS S/ CRED;REG.RECAU.SIRCREB;;-434,07;700.556,26
13/09/23;IMP. DEB. LEY 25413;;;-2,60;700.553,66
14/09/23;TRANSFER. CASH MISMA;TITULARIDAD | BAIRES ANALITICA SRL | BANCO BBVA ARGENTINA | Resumen de Cuenta Corriente en Pesos Página 20 / 48 | 20230929040494846H;6.700.000,00;;7.400.553,66
14/09/23;TRANSFERENCIAS CASH;PROVEEDORES | YPF S.A. | BANCO BBVA ARGENTINA;512.000,35;;7.912.554,01
14/09/23;IMP. CRE. LEY 25413;;;-3.072,00;7.909.482,01
14/09/23;ING. BRUTOS S/ CRED;DT.301/03-TUCUMAN;;-153,60;7.909.328,41
14/09/23;IMP. DEB. LEY 25413;;;-0,92;7.909.327,49
14/09/23;ING. BRUTOS S/ CRED;REG.RECAU.SIRCREB;;-1.024,00;7.908.303,49
14/09/23;IMP. DEB. LEY 25413;;;-6,14;7.908.297,35
14/09/23;TRANSF. AFIP;VEP 1151639300;;-2.950.000,00;4.958.297,35
14/09/23;IMP. DEB. LEY 25413;;;-17.700,00;4.940.597,35
14/09/23;TRANSFERENCIA DE CUENTA 0074;PROPIA | BAIRES ANALITICA SRL | CUENTA ORIGEN CTA CT | VARIOS;1.500.000,00;;6.440.597,35
14/09/23;TRF INMED PROVEED;Antonioli Monica Vi | VARIOS | BANCO BBVA ARGENTINA;;-96.800,00;6.343.797,35
14/09/23;IMP. DEB. LEY 25413;;;-580,80;6.343.216,55
14/09/23;PAGO DE SERVICIOS;3 DE FEBRERO;;-5.022,74;6.338.193,81
14/09/23;IMP. DEB. LEY 25413;;;-30,14;6.338.163,67
14/09/23;PAGO DE SERVICIOS;INACAP CUOTA;;-14.880,96;6.323.282,71
14/09/23;IMP. DEB. LEY 25413;Resumen de Cuenta Corriente en Pesos Página 21 / 48 | 20230929040494846H;;-89,29;6.323.193,42
14/09/23;TRF INMED PROVEED;Ingenieria Para Labo | VARIOS | BANCO DE GALICIA Y B;;-877.731,40;5.445.462,02
14/09/23;IMP. DEB. LEY 25413;;;-5.266,39;5.440.195,63
14/09/23;PAGO DE SERVICIOS;3 DE FEBRERO;;-5.099,37;5.435.096,26
14/09/23;IMP. DEB. LEY 25413;;;-30,60;5.435.065,66
14/09/23;PAGO DE SERVICIOS;3 DE FEBRERO;;-6.097,36;5.428.968,30
14/09/23;IMP. DEB. LEY 25413;;;-36,58;5.428.931,72
14/09/23;PAGO DE SERVICIOS;OSDE;;-326.017,50;5.102.914,22
14/09/23;IMP. DEB. LEY 25413;;;-1.956,11;5.100.958,11
14/09/23;PAGO DE SERVICIOS;OSECAC;;-14.400,00;5.086.558,11
14/09/23;IMP. DEB. LEY 25413;;;-86,40;5.086.471,71
14/09/23;PAGO DE SERVICIOS;SEC S MARTIN;;-108.545,81;4.977.925,90
14/09/23;IMP. DEB. LEY 25413;;;-651,27;4.977.274,63
14/09/23;PAGO DE SERVICIOS;FAECYS;;-24.119,82;4.953.154,81
14/09/23;IMP. DEB. LEY 25413;;;-144,72;4.953.010,09
14/09/23;TRF INMED PROVEED;Papus Srl | VARIOS | BANCO DE LA PROVINCI;;-74.536,00;4.878.474,09
14/09/23;COM. GESTION TRANSF.FDOS;ENTRE BCOS | Resumen de Cuenta Corriente en Pesos Página 22 / 48 | 20230929040494846H;;-700,00;4.877.774,09
14/09/23;IMP. DEB. LEY 25413;;;-447,22;4.877.326,87
14/09/23;IVA;;;-147,00;4.877.179,87
14/09/23;IMP. DEB. LEY 25413;;;-5,08;4.877.174,79
14/09/23;TRF INMED PROVEED;Berkley Internationa | VARIOS | INDUSTRIAL AND COMME;;-196.547,19;4.680.627,60
14/09/23;COM. GESTION TRANSF.FDOS;ENTRE BCOS;;-700,00;4.679.927,60
14/09/23;IMP. DEB. LEY 25413;;;-1.179,28;4.678.748,32
14/09/23;IVA;;;-147,00;4.678.601,32
14/09/23;IMP. DEB. LEY 25413;;;-5,08;4.678.596,24
14/09/23;TRF INMED PROVEED;Casa Arga Srl | VARIOS | BANCO CREDICOOP COOP;;-25.985,43;4.652.610,81
14/09/23;COM. GESTION TRANSF.FDOS;ENTRE BCOS;;-700,00;4.651.910,81
14/09/23;IMP. DEB. LEY 25413;;;-155,91;4.651.754,90
14/09/23;IVA;;;-147,00;4.651.607,90
14/09/23;IMP. DEB. LEY 25413;;;-5,08;4.651.602,82
14/09/23;TRF INMED PROVEED;Cosena Seguros S.A.. | VARIOS | BANCO BBVA ARGENTINA;;-21.595,00;4.630.007,82
14/09/23;COM. GESTION TRANSF.FDOS;ENTRE BCOS;;-700,00;4.629.307,82
14/09/23;IMP. DEB. LEY 25413;;;-129,57;4.629.178,25
14/09/23;IVA;;;-147,00;4.629.031,25
14/09/23;IMP. DEB. LEY 25413;;;-5,08;4.629.026,17
14/09/23;TRF INMED PROVEED;Transp La Sevillanit | VARIOS | BANCO CREDICOOP COOP | Resumen de Cuenta Corriente en Pesos Página 23 / 48 | 20230929040494846H;;-29.718,44;4.599.307,73
14/09/23;COM. GESTION TRANSF.FDOS;ENTRE BCOS;;-700,00;4.598.607,73
14/09/23;IMP. DEB. LEY 25413;;;-178,31;4.598.429,42
14/09/23;IVA;;;-147,00;4.598.282,42
14/09/23;IMP. DEB. LEY 25413;;;-5,08;4.598.277,34
14/09/23;TRF INMED PROVEED;Patricia Silvia Esco | VARIOS | BANCO DE GALICIA Y B;;-501.263,33;4.097.014,01
14/09/23;IMP. DEB. LEY 25413;;;-3.007,58;4.094.006,43
14/09/23;TRF INMED PROVEED;Daniel Maiocchi | VARIOS | INDUSTRIAL AND COMME;;-184.652,05;3.909.354,38
14/09/23;COM. GESTION TRANSF.FDOS;ENTRE BCOS;;-700,00;3.908.654,38
14/09/23;IMP. DEB. LEY 25413;;;-1.107,91;3.907.546,47
14/09/23;IVA;;;-147,00;3.907.399,47
14/09/23;IMP. DEB. LEY 25413;;;-5,08;3.907.394,39
14/09/23;TRF INMED PROVEED;V.MASSON. TRANSP.C.D | VARIOS | BANCO BBVA ARGENTINA;;-60.628,65;3.846.765,74
14/09/23;COM. GESTION TRANSF.FDOS;ENTRE BCOS;;-700,00;3.846.065,74
14/09/23;IMP. DEB. LEY 25413;;;-363,77;3.845.701,97
14/09/23;IVA;;;-147,00;3.845.554,97
14/09/23;IMP. DEB. LEY 25413;;;-5,08;3.845.549,89
14/09/23;TRF INMED PROVEED;Iron Mountain Argent | VARIOS | BANCO SANTANDER RIO;;-14.222,80;3.831.327,09
14/09/23;COM. GESTION TRANSF.FDOS;ENTRE BCOS | Resumen de Cuenta Corriente en Pesos Página 24 / 48 | 20230929040494846H;;-700,00;3.830.627,09
14/09/23;IMP. DEB. LEY 25413;;;-85,34;3.830.541,75
14/09/23;IVA;;;-147,00;3.830.394,75
14/09/23;IMP. DEB. LEY 25413;;;-5,08;3.830.389,67
14/09/23;TRF INMED PROVEED;Sistemas Analiticos | VARIOS | BANCO DE GALICIA Y B;;-229.182,47;3.601.207,20
14/09/23;IMP. DEB. LEY 25413;;;-1.375,09;3.599.832,11
14/09/23;TRF INMED PROVEED;Afianzadora Latinoam | VARIOS | BANCO SANTANDER RIO;;-7.303,02;3.592.529,09
14/09/23;COM. GESTION TRANSF.FDOS;ENTRE BCOS;;-700,00;3.591.829,09
14/09/23;IMP. DEB. LEY 25413;;;-43,82;3.591.785,27
14/09/23;IVA;;;-147,00;3.591.638,27
14/09/23;IMP. DEB. LEY 25413;;;-5,08;3.591.633,19
14/09/23;TRF INMED PROVEED;Aseguradora De Credi | VARIOS | INDUSTRIAL AND COMME;;-124.072,43;3.467.560,76
14/09/23;COM. GESTION TRANSF.FDOS;ENTRE BCOS;;-700,00;3.466.860,76
14/09/23;IMP. DEB. LEY 25413;;;-744,43;3.466.116,33
14/09/23;IVA;;;-147,00;3.465.969,33
14/09/23;IMP. DEB. LEY 25413;;;-5,08;3.465.964,25
14/09/23;TRF INMED PROVEED;Pall Technologies S. | VARIOS | HSBC BANK ARGENTINA;;-174.655,49;3.291.308,76
14/09/23;COM. GESTION TRANSF.FDOS;ENTRE BCOS;;-700,00;3.290.608,76
14/09/23;IMP. DEB. LEY 25413;;;-1.047,93;3.289.560,83
14/09/23;IVA;Resumen de Cuenta Corriente en Pesos Página 25 / 48 | 20230929040494846H;;-147,00;3.289.413,83
14/09/23;IMP. DEB. LEY 25413;;;-5,08;3.289.408,75
14/09/23;TRF INMED PROVEED;Netone Tech Sa | VARIOS | BANCO DE GALICIA Y B;;-14.494,01;3.274.914,74
14/09/23;IMP. DEB. LEY 25413;;;-86,96;3.274.827,78
14/09/23;TRF INMED PROVEED;Jorge Roberto Guerre | VARIOS | INDUSTRIAL AND COMME;;-305.683,56;2.969.144,22
14/09/23;COM. GESTION TRANSF.FDOS;ENTRE BCOS;;-700,00;2.968.444,22
14/09/23;IMP. DEB. LEY 25413;;;-1.834,10;2.966.610,12
14/09/23;IVA;;;-147,00;2.966.463,12
14/09/23;IMP. DEB. LEY 25413;;;-5,08;2.966.458,04
14/09/23;TRF INMED PROVEED;Iva Industria Vidrie | VARIOS | BANCO DE GALICIA Y B;;-129.642,41;2.836.815,63
14/09/23;IMP. DEB. LEY 25413;;;-777,85;2.836.037,78
15/09/23;TRANSF INMED CP;BAIRES ANALITICA SRL | TRANSF.PROPIAS | BANCO CREDICOOP COOP;;-400.000,00;2.436.037,78
15/09/23;TRANSFER. CASH MISMA;TITULARIDAD | BAIRES ANALITICA | BANCO SANTANDER RIO;1.100.000,00;;3.536.037,78
15/09/23;RESCATE FIMA;FIMA PREMIUM CLASE A;3.000.000,00;;6.536.037,78
15/09/23;TRF INMED PROVEED;Pluscargo Argentina | VARIOS | INDUSTRIAL AND COMME;;-6.072.849,69;463.188,09
15/09/23;COM. GESTION TRANSF.FDOS;ENTRE BCOS | Resumen de Cuenta Corriente en Pesos Página 26 / 48 | 20230929040494846H;;-700,00;462.488,09
15/09/23;IMP. DEB. LEY 25413;;;-36.437,10;426.050,99
15/09/23;IVA;;;-147,00;425.903,99
15/09/23;IMP. DEB. LEY 25413;;;-5,08;425.898,91
15/09/23;TRANSFERENCIA DE TERCEROS 00D0;SENASA | CUENTA ORIGEN CTA CT | FACTURA;40.192,16;;466.091,07
15/09/23;IMP. CRE. LEY 25413;;;-241,15;465.849,92
15/09/23;ING. BRUTOS S/ CRED;DT.301/03-TUCUMAN;;-12,06;465.837,86
15/09/23;IMP. DEB. LEY 25413;;;-0,07;465.837,79
15/09/23;ING. BRUTOS S/ CRED;REG.RECAU.SIRCREB;;-80,38;465.757,41
15/09/23;IMP. DEB. LEY 25413;;;-0,48;465.756,93
15/09/23;RESCATE FIMA;FIMA PREMIUM CLASE A;6.000.000,00;;6.465.756,93
15/09/23;TRANSF. AFIP;VEP 1152374905;;-6.200.000,00;265.756,93
15/09/23;IMP. DEB. LEY 25413;;;-37.200,00;228.556,93
15/09/23;TRANSFERENCIAS CASH;PROVEEDORES | LDC Argentina S.A. | HSBC BANK ARGENTINA;285.501,16;;514.058,09
15/09/23;IMP. CRE. LEY 25413;;;-1.713,01;512.345,08
15/09/23;ING. BRUTOS S/ CRED;DT.301/03-TUCUMAN;;-85,65;512.259,43
15/09/23;IMP. DEB. LEY 25413;;;-0,51;512.258,92
15/09/23;ING. BRUTOS S/ CRED;REG.RECAU.SIRCREB;;-571,00;511.687,92
15/09/23;IMP. DEB. LEY 25413;;;-3,43;511.684,49
15/09/23;TRANSFERENCIAS CASH;PROVEEDORES | SOCIEDAD COOPERATIVA | BANCO DEL CHUBUT S.A;370.587,91;;882.272,40
15/09/23;IMP. CRE. LEY 25413;Resumen de Cuenta Corriente en Pesos Página 27 / 48 | 20230929040494846H;;-2.223,53;880.048,87
15/09/23;ING. BRUTOS S/ CRED;DT.301/03-TUCUMAN;;-111,18;879.937,69
15/09/23;IMP. DEB. LEY 25413;;;-0,67;879.937,02
15/09/23;ING. BRUTOS S/ CRED;REG.RECAU.SIRCREB;;-741,18;879.195,84
15/09/23;IMP. DEB. LEY 25413;;;-4,45;879.191,39
15/09/23;RESCATE FIMA;FIMA PREMIUM CLASE A;6.000.000,00;;6.879.191,39
15/09/23;TRF INMED PROVEED;Pluscargo Argentina | VARIOS | INDUSTRIAL AND COMME;;-359.666,99;6.519.524,40
15/09/23;COM. GESTION TRANSF.FDOS;ENTRE BCOS;;-700,00;6.518.824,40
15/09/23;IMP. DEB. LEY 25413;;;-2.158,00;6.516.666,40
15/09/23;IVA;;;-147,00;6.516.519,40
15/09/23;IMP. DEB. LEY 25413;;;-5,08;6.516.514,32
15/09/23;TRF INMED PROVEED;Pluscargo Argentina | VARIOS | INDUSTRIAL AND COMME;;-5.411.051,31;1.105.463,01
15/09/23;COM. GESTION TRANSF.FDOS;ENTRE BCOS;;-700,00;1.104.763,01
15/09/23;IMP. DEB. LEY 25413;;;-32.466,31;1.072.296,70
15/09/23;IVA;;;-147,00;1.072.149,70
15/09/23;IMP. DEB. LEY 25413;;;-5,08;1.072.144,62
15/09/23;SNP PAGO A PROVEEDORES;COOP ELECT S C B | BANCO CREDICOOP COOP;63.322,88;;1.135.467,50
15/09/23;IMP. CRE. LEY 25413;;;-379,94;1.135.087,56
15/09/23;ING. BRUTOS S/ CRED;DT.301/03-TUCUMAN;;-19,00;1.135.068,56
15/09/23;IMP. DEB. LEY 25413;;;-0,11;1.135.068,45
15/09/23;ING. BRUTOS S/ CRED;REG.RECAU.SIRCREB | Resumen de Cuenta Corriente en Pesos Página 28 / 48 | 20230929040494846H;;-126,65;1.134.941,80
15/09/23;IMP. DEB. LEY 25413;;;-0,76;1.134.941,04
15/09/23;SNP PAGO A PROVEEDORES;GUTIERREZ Y GUTI | BANCO CREDICOOP COOP;608.930,32;;1.743.871,36
15/09/23;IMP. CRE. LEY 25413;;;-3.653,58;1.740.217,78
15/09/23;ING. BRUTOS S/ CRED;DT.301/03-TUCUMAN;;-182,68;1.740.035,10
15/09/23;IMP. DEB. LEY 25413;;;-1,10;1.740.034,00
15/09/23;ING. BRUTOS S/ CRED;REG.RECAU.SIRCREB;;-1.217,86;1.738.816,14
15/09/23;IMP. DEB. LEY 25413;;;-7,31;1.738.808,83
15/09/23;TRANSFERENCIAS CASH;PROVEEDORES | SERVICIOS Y PRODUCTO | CITIBANK N.A.;64.884,88;;1.803.693,71
15/09/23;IMP. CRE. LEY 25413;;;-389,31;1.803.304,40
15/09/23;ING. BRUTOS S/ CRED;DT.301/03-TUCUMAN;;-19,47;1.803.284,93
15/09/23;IMP. DEB. LEY 25413;;;-0,12;1.803.284,81
15/09/23;ING. BRUTOS S/ CRED;REG.RECAU.SIRCREB;;-129,77;1.803.155,04
15/09/23;IMP. DEB. LEY 25413;;;-0,78;1.803.154,26
18/09/23;DEB. AUTOM. DE SERV.;SERVICIOS TICKET | TICKET SA;;-50.905,79;1.752.248,47
18/09/23;IMP. DEB. LEY 25413;;;-305,43;1.751.943,04
18/09/23;TRANSF INMED CP;BAIRES ANALITICA SRL | TRANSF.PROPIAS | BANCO CREDICOOP COOP;;-1.200.000,00;551.943,04
18/09/23;SERVICIO ACREDITAMIENTO DE;HABERES | ACRED.HABERES;;-190.506,00;361.437,04
18/09/23;IMP. DEB. LEY 25413;Resumen de Cuenta Corriente en Pesos Página 29 / 48 | 20230929040494846H;;-1.143,04;360.294,00
18/09/23;SERVICIO ACREDITAMIENTO DE;HABERES | HONORARIOS PROFESION;;-200.000,00;160.294,00
18/09/23;IMP. DEB. LEY 25413;;;-1.200,00;159.094,00
18/09/23;RESCATE FIMA;FIMA PREMIUM CLASE A;200.000,00;;359.094,00
18/09/23;RESCATE FIMA;FIMA PREMIUM CLASE A;2.200.000,00;;2.559.094,00
18/09/23;TRF INMED PROVEED;NAVICON LOGISTICA GL | VARIOS | INDUSTRIAL AND COMME;;-2.369.158,03;189.935,97
18/09/23;COM. GESTION TRANSF.FDOS;ENTRE BCOS;;-700,00;189.235,97
18/09/23;IMP. DEB. LEY 25413;;;-14.214,95;175.021,02
18/09/23;IVA;;;-147,00;174.874,02
18/09/23;IMP. DEB. LEY 25413;;;-5,08;174.868,94
18/09/23;COM. DEPOSITO DE ECHEQ NRO.;;;-32.340,00;142.528,94
18/09/23;IVA;;;-6.791,40;135.737,54
18/09/23;IMP. ING. BRUTOS;Capital Federal;;-970,20;134.767,34
18/09/23;IMP. DEB. LEY 25413;;;-240,61;134.526,73
19/09/23;TRANSFERENCIA DE TERCEROS;CRAVERI SAIC | Factura | BANCO BBVA ARGENTINA;174.224,57;;308.751,30
19/09/23;IMP. CRE. LEY 25413;;;-1.045,35;307.705,95
19/09/23;ING. BRUTOS S/ CRED;DT.301/03-TUCUMAN;;-52,27;307.653,68
19/09/23;IMP. DEB. LEY 25413;;;-0,31;307.653,37
19/09/23;ING. BRUTOS S/ CRED;REG.RECAU.SIRCREB;;-348,45;307.304,92
19/09/23;IMP. DEB. LEY 25413;Resumen de Cuenta Corriente en Pesos Página 30 / 48 | 20230929040494846H;;-2,09;307.302,83
19/09/23;TRANSFERENCIAS CASH;PROVEEDORES | ARAUCO ARGENTINA SA | BANCO MACRO S.A.;88.029,93;;395.332,76
19/09/23;IMP. CRE. LEY 25413;;;-528,18;394.804,58
19/09/23;ING. BRUTOS S/ CRED;DT.301/03-TUCUMAN;;-26,41;394.778,17
19/09/23;IMP. DEB. LEY 25413;;;-0,16;394.778,01
19/09/23;ING. BRUTOS S/ CRED;REG.RECAU.SIRCREB;;-176,06;394.601,95
19/09/23;IMP. DEB. LEY 25413;;;-1,06;394.600,89
19/09/23;TRANSFERENCIAS CASH;PROVEEDORES | AUSTIN POWDER ARGENT | BANCO MACRO S.A.;366.643,20;;761.244,09
19/09/23;IMP. CRE. LEY 25413;;;-2.199,86;759.044,23
19/09/23;ING. BRUTOS S/ CRED;DT.301/03-TUCUMAN;;-109,99;758.934,24
19/09/23;IMP. DEB. LEY 25413;;;-0,66;758.933,58
19/09/23;ING. BRUTOS S/ CRED;REG.RECAU.SIRCREB;;-733,29;758.200,29
19/09/23;IMP. DEB. LEY 25413;;;-4,40;758.195,89
19/09/23;SNP PAGO A PROVEEDORES;MINERA AGUA RICA | INDUSTRIAL AND COMME;346.638,43;;1.104.834,32
19/09/23;IMP. CRE. LEY 25413;;;-2.079,83;1.102.754,49
19/09/23;ING. BRUTOS S/ CRED;DT.301/03-TUCUMAN;;-103,99;1.102.650,50
19/09/23;IMP. DEB. LEY 25413;;;-0,62;1.102.649,88
19/09/23;ING. BRUTOS S/ CRED;REG.RECAU.SIRCREB;;-693,28;1.101.956,60
19/09/23;IMP. DEB. LEY 25413;;;-4,16;1.101.952,44
19/09/23;G.DE ECHEQ Q:3382646;BOL:1743358;4.620.000,00;;5.721.952,44
19/09/23;IMP. CRE. LEY 25413;Resumen de Cuenta Corriente en Pesos Página 31 / 48 | 20230929040494846H;;-27.720,00;5.694.232,44
19/09/23;ING. BRUTOS S/ CRED;DT.301/03-TUCUMAN;;-1.386,00;5.692.846,44
19/09/23;IMP. DEB. LEY 25413;;;-8,32;5.692.838,12
19/09/23;ING. BRUTOS S/ CRED;REG.RECAU.SIRCREB;;-9.240,00;5.683.598,12
19/09/23;IMP. DEB. LEY 25413;;;-55,44;5.683.542,68
19/09/23;COM. DEPOSITO DE CHEQ;BOL.31829406;;-2.604,42;5.680.938,26
19/09/23;IVA;;;-546,93;5.680.391,33
19/09/23;IMP. DEB. LEY 25413;;;-18,91;5.680.372,42
20/09/23;DEB. AUTOM. DE SERV.;SENASA | ARANCELES;;-8.079,16;5.672.293,26
20/09/23;IMP. DEB. LEY 25413;;;-48,47;5.672.244,79
20/09/23;TRANSFERENCIA DE TERCEROS;BAHNSA SA | Factura | BANCO BBVA ARGENTINA;9.649.647,37;;15.321.892,16
20/09/23;IMP. CRE. LEY 25413;;;-57.897,88;15.263.994,28
20/09/23;ING. BRUTOS S/ CRED;DT.301/03-TUCUMAN;;-2.894,89;15.261.099,39
20/09/23;IMP. DEB. LEY 25413;;;-17,37;15.261.082,02
20/09/23;ING. BRUTOS S/ CRED;REG.RECAU.SIRCREB;;-19.299,29;15.241.782,73
20/09/23;IMP. DEB. LEY 25413;;;-115,80;15.241.666,93
20/09/23;TRANSFERENCIA DE TERCEROS 00D0;CENTRO DE INVESTIGAC | CUENTA ORIGEN CTA CT | FACTURA;5.979,29;;15.247.646,22
20/09/23;IMP. CRE. LEY 25413;;;-35,88;15.247.610,34
20/09/23;ING. BRUTOS S/ CRED;DT.301/03-TUCUMAN;;-1,79;15.247.608,55
20/09/23;IMP. DEB. LEY 25413;;;-0,01;15.247.608,54
20/09/23;ING. BRUTOS S/ CRED;REG.RECAU.SIRCREB | Resumen de Cuenta Corriente en Pesos Página 32 / 48 | 20230929040494846H;;-11,96;15.247.596,58
20/09/23;IMP. DEB. LEY 25413;;;-0,07;15.247.596,51
20/09/23;TRF INMED PROVEED;Canese, Carlos Guill | VARIOS | BANCO SUPERVIELLE S.;;-122.715,50;15.124.881,01
20/09/23;IMP. DEB. LEY 25413;;;-736,29;15.124.144,72
20/09/23;TRF INMED PROVEED;Ignacio Alberto Made | VARIOS | BANCO DE GALICIA Y B;;-287.782,76;14.836.361,96
20/09/23;IMP. DEB. LEY 25413;;;-1.726,70;14.834.635,26
20/09/23;TRANSF. AFIP;VEP 1154510683;;-1.681.179,37;13.153.455,89
20/09/23;IMP. DEB. LEY 25413;;;-10.087,08;13.143.368,81
20/09/23;SERVICIO ACREDITAMIENTO DE;HABERES | REEMBOLSO GASTOS;;-5.000,00;13.138.368,81
20/09/23;IMP. DEB. LEY 25413;;;-30,00;13.138.338,81
20/09/23;TRF INMED PROVEED;Patricia Silvia Esco | VARIOS | BANCO DE GALICIA Y B;;-486.675,03;12.651.663,78
20/09/23;IMP. DEB. LEY 25413;;;-2.920,05;12.648.743,73
20/09/23;TRF INMED PROVEED;Breitbarth Enrique P | VARIOS | BANCO SANTANDER RIO;;-55.502,70;12.593.241,03
20/09/23;COM. GESTION TRANSF.FDOS;ENTRE BCOS;;-700,00;12.592.541,03
20/09/23;IMP. DEB. LEY 25413;;;-333,02;12.592.208,01
20/09/23;IVA;;;-147,00;12.592.061,01
20/09/23;IMP. DEB. LEY 25413;Resumen de Cuenta Corriente en Pesos Página 33 / 48 | 20230929040494846H;;-5,08;12.592.055,93
20/09/23;TRF INMED PROVEED;Daniel Maiocchi | VARIOS | INDUSTRIAL AND COMME;;-147.123,90;12.444.932,03
20/09/23;COM. GESTION TRANSF.FDOS;ENTRE BCOS;;-700,00;12.444.232,03
20/09/23;IMP. DEB. LEY 25413;;;-882,74;12.443.349,29
20/09/23;IVA;;;-147,00;12.443.202,29
20/09/23;IMP. DEB. LEY 25413;;;-5,08;12.443.197,21
20/09/23;TRF INMED PROVEED;Netqual Srl | VARIOS | BANCO DE GALICIA Y B;;-204.287,03;12.238.910,18
20/09/23;IMP. DEB. LEY 25413;;;-1.225,72;12.237.684,46
20/09/23;SUSCRIPCION FIMA;FIMA PREMIUM CLASE A;;-12.000.000,00;237.684,46
20/09/23;CREDITO TRANSFERENCIA;COELSA | HANACOLLA SA | INDUSTRIAL AND COMME;4.997.226,70;;5.234.911,16
20/09/23;IMP. CRE. LEY 25413;;;-29.983,36;5.204.927,80
20/09/23;ING. BRUTOS S/ CRED;DT.301/03-TUCUMAN;;-1.499,17;5.203.428,63
20/09/23;IMP. DEB. LEY 25413;;;-9,00;5.203.419,63
20/09/23;ING. BRUTOS S/ CRED;REG.RECAU.SIRCREB;;-9.994,45;5.193.425,18
20/09/23;IMP. DEB. LEY 25413;;;-59,97;5.193.365,21
20/09/23;G.DE CHEQUE Q:7501119 0028;BOL:3194808;104.481,82;;5.297.847,03
20/09/23;IMP. CRE. LEY 25413;;;-626,89;5.297.220,14
20/09/23;ING. BRUTOS S/ CRED;DT.301/03-TUCUMAN;;-31,34;5.297.188,80
20/09/23;IMP. DEB. LEY 25413;;;-0,19;5.297.188,61
20/09/23;ING. BRUTOS S/ CRED;REG.RECAU.SIRCREB;;-208,96;5.296.979,65
20/09/23;IMP. DEB. LEY 25413;Resumen de Cuenta Corriente en Pesos Página 34 / 48 | 20230929040494846H;;-1,25;5.296.978,40
20/09/23;G.DE CHEQUE Q:0020467;BOL:1829406;217.035,83;;5.514.014,23
20/09/23;IMP. CRE. LEY 25413;;;-1.302,21;5.512.712,02
20/09/23;ING. BRUTOS S/ CRED;DT.301/03-TUCUMAN;;-65,11;5.512.646,91
20/09/23;IMP. DEB. LEY 25413;;;-0,39;5.512.646,52
20/09/23;ING. BRUTOS S/ CRED;REG.RECAU.SIRCREB;;-434,07;5.512.212,45
20/09/23;IMP. DEB. LEY 25413;;;-2,60;5.512.209,85
20/09/23;RECHAZO CH 67501119 0028;BOLETA NRO 73194808 | PRES ANTES FECHA PAG;;-104.481,82;5.407.728,03
20/09/23;DEV.IMP.DEB.LEY 25413;;626,89;;5.408.354,92
20/09/23;COM. RECHAZO CHEQUES;:7501119 BOL:3194808;;-1.700,00;5.406.654,92
20/09/23;IVA;;;-357,00;5.406.297,92
20/09/23;IMP. DEB. LEY 25413;;;-12,34;5.406.285,58
21/09/23;RESCATE FIMA;FIMA PREMIUM CLASE A;17.000.000,00;;22.406.285,58
21/09/23;CONSTITUCION PLAZO FIJO INV;EN CTA;;-22.000.000,00;406.285,58
21/09/23;RESCATE FIMA;FIMA PREMIUM CLASE A;900.000,00;;1.306.285,58
21/09/23;TRANSF. AFIP;VEP 1155144217;;-900.000,00;406.285,58
21/09/23;IMP. DEB. LEY 25413;;;-5.400,00;400.885,58
21/09/23;COM. ADM. CARTERA 0999;;;-4,00;400.881,58
21/09/23;IVA;;;-0,84;400.880,74
21/09/23;IMP. DEB. LEY 25413;;;-0,03;400.880,71
22/09/23;TRANSFERENCIAS CASH;PROVEEDORES | SOCIEDAD COOPERATIVA | BANCO DEL CHUBUT S.A;39.909,53;;440.790,24
22/09/23;IMP. CRE. LEY 25413;Resumen de Cuenta Corriente en Pesos Página 35 / 48 | 20230929040494846H;;-239,46;440.550,78
22/09/23;ING. BRUTOS S/ CRED;DT.301/03-TUCUMAN;;-11,97;440.538,81
22/09/23;IMP. DEB. LEY 25413;;;-0,07;440.538,74
22/09/23;ING. BRUTOS S/ CRED;REG.RECAU.SIRCREB;;-79,82;440.458,92
22/09/23;IMP. DEB. LEY 25413;;;-0,48;440.458,44
22/09/23;TRF INMED PROVEED;Ruben Arnaldo Gauna | VARIOS | INDUSTRIAL AND COMME;;-22.000,00;418.458,44
22/09/23;IMP. DEB. LEY 25413;;;-132,00;418.326,44
22/09/23;TRF INMED PROVEED;Netqual Srl | VARIOS | BANCO DE GALICIA Y B;;-192.584,81;225.741,63
22/09/23;IMP. DEB. LEY 25413;;;-1.155,51;224.586,12
22/09/23;TRF INMED PROVEED;Ruben Arnaldo Gauna | VARIOS | INDUSTRIAL AND COMME;;-35.939,00;188.647,12
22/09/23;IMP. DEB. LEY 25413;;;-215,63;188.431,49
22/09/23;SNP PAGO A PROVEEDORES;WATER TECHNOLOGI | CITIBANK N.A.;580.777,40;;769.208,89
22/09/23;IMP. CRE. LEY 25413;;;-3.484,66;765.724,23
22/09/23;ING. BRUTOS S/ CRED;DT.301/03-TUCUMAN;;-174,23;765.550,00
22/09/23;IMP. DEB. LEY 25413;;;-1,05;765.548,95
22/09/23;ING. BRUTOS S/ CRED;REG.RECAU.SIRCREB;;-1.161,55;764.387,40
22/09/23;IMP. DEB. LEY 25413;;;-6,97;764.380,43
22/09/23;G.DE ECHEQ Q:0004366;BOL:2027923;96.380,13;;860.760,56
22/09/23;IMP. CRE. LEY 25413;Resumen de Cuenta Corriente en Pesos Página 36 / 48 | 20230929040494846H;;-578,28;860.182,28
22/09/23;ING. BRUTOS S/ CRED;DT.301/03-TUCUMAN;;-28,91;860.153,37
22/09/23;IMP. DEB. LEY 25413;;;-0,17;860.153,20
22/09/23;ING. BRUTOS S/ CRED;REG.RECAU.SIRCREB;;-192,76;859.960,44
22/09/23;IMP. DEB. LEY 25413;;;-1,16;859.959,28
25/09/23;DEB. AUTOM. DE SERV.;TELECOM ARGENTIN | CONSUMOS;;-3.616,99;856.342,29
25/09/23;IMP. DEB. LEY 25413;;;-21,70;856.320,59
25/09/23;DEB. AUTOM. DE SERV.;SERVICIOS TICKET | TICKET SA;;-15.879,74;840.440,85
25/09/23;IMP. DEB. LEY 25413;;;-95,28;840.345,57
25/09/23;DEB. AUTOM. DE SERV.;TELECOM ARGENTIN | CONSUMOS;;-16.631,39;823.714,18
25/09/23;IMP. DEB. LEY 25413;;;-99,79;823.614,39
25/09/23;TRANSFERENCIAS CASH;PROVEEDORES | YPF, S.A. | INDUSTRIAL AND COMME;122.348,50;;945.962,89
25/09/23;IMP. CRE. LEY 25413;;;-734,09;945.228,80
25/09/23;ING. BRUTOS S/ CRED;DT.301/03-TUCUMAN;;-36,70;945.192,10
25/09/23;IMP. DEB. LEY 25413;;;-0,22;945.191,88
25/09/23;ING. BRUTOS S/ CRED;REG.RECAU.SIRCREB;;-244,70;944.947,18
25/09/23;IMP. DEB. LEY 25413;;;-1,47;944.945,71
25/09/23;TRANSFERENCIAS CASH;PROVEEDORES | FUNDACION ARGENINTA | BANCO DE LA NACION A;48.581,78;;993.527,49
25/09/23;IMP. CRE. LEY 25413;Resumen de Cuenta Corriente en Pesos Página 37 / 48 | 20230929040494846H;;-291,49;993.236,00
25/09/23;ING. BRUTOS S/ CRED;DT.301/03-TUCUMAN;;-14,57;993.221,43
25/09/23;IMP. DEB. LEY 25413;;;-0,09;993.221,34
25/09/23;ING. BRUTOS S/ CRED;REG.RECAU.SIRCREB;;-97,16;993.124,18
25/09/23;IMP. DEB. LEY 25413;;;-0,58;993.123,60
25/09/23;TRANSFERENCIAS CASH;PROVEEDORES | ACA BIO COOP. LTDA. | BANCO DE LA NACION A;173.059,92;;1.166.183,52
25/09/23;IMP. CRE. LEY 25413;;;-1.038,36;1.165.145,16
25/09/23;ING. BRUTOS S/ CRED;DT.301/03-TUCUMAN;;-51,92;1.165.093,24
25/09/23;IMP. DEB. LEY 25413;;;-0,31;1.165.092,93
25/09/23;ING. BRUTOS S/ CRED;REG.RECAU.SIRCREB;;-346,12;1.164.746,81
25/09/23;IMP. DEB. LEY 25413;;;-2,08;1.164.744,73
25/09/23;G.DE ECHEQ Q:2121067;BOL:2133162;58.637,56;;1.223.382,29
25/09/23;IMP. CRE. LEY 25413;;;-351,83;1.223.030,46
25/09/23;ING. BRUTOS S/ CRED;DT.301/03-TUCUMAN;;-17,59;1.223.012,87
25/09/23;IMP. DEB. LEY 25413;;;-0,11;1.223.012,76
25/09/23;ING. BRUTOS S/ CRED;REG.RECAU.SIRCREB;;-117,28;1.222.895,48
25/09/23;IMP. DEB. LEY 25413;;;-0,70;1.222.894,78
25/09/23;COM. DEPOSITO DE ECHEQ NRO.;;;-32.383,52;1.190.511,26
25/09/23;IVA;;;-6.800,54;1.183.710,72
25/09/23;IMP. ING. BRUTOS;Capital Federal;;-971,51;1.182.739,21
25/09/23;IMP. DEB. LEY 25413;Resumen de Cuenta Corriente en Pesos Página 38 / 48 | 20230929040494846H;;-240,93;1.182.498,28
26/09/23;TRANSFERENCIA DE CUENTA 0074;PROPIA | BAIRES ANALITICA SRL | CUENTA ORIGEN CTA CT | VARIOS;3.000.000,00;;4.182.498,28
26/09/23;TRANSFERENCIAS CASH;PROVEEDORES | INSTITUTO DE SANIDAD | HSBC BANK ARGENTINA;118.414,70;;4.300.912,98
26/09/23;IMP. CRE. LEY 25413;;;-710,49;4.300.202,49
26/09/23;ING. BRUTOS S/ CRED;DT.301/03-TUCUMAN;;-35,52;4.300.166,97
26/09/23;IMP. DEB. LEY 25413;;;-0,21;4.300.166,76
26/09/23;ING. BRUTOS S/ CRED;REG.RECAU.SIRCREB;;-236,83;4.299.929,93
26/09/23;IMP. DEB. LEY 25413;;;-1,42;4.299.928,51
26/09/23;TRANSF. AFIP;VEP 1157147940;;-1.680.000,00;2.619.928,51
26/09/23;IMP. DEB. LEY 25413;;;-10.080,00;2.609.848,51
26/09/23;TRANSFER. CASH MISMA;TITULARIDAD | BAIRES ANALITICA SRL | BANCO BBVA ARGENTINA;2.400.000,00;;5.009.848,51
26/09/23;TRANSF. AFIP;VEP 1157232034;;-1.650.000,00;3.359.848,51
26/09/23;IMP. DEB. LEY 25413;;;-9.900,00;3.349.948,51
26/09/23;TRANSF. AFIP;VEP 1157245561;;-25.000,00;3.324.948,51
26/09/23;IMP. DEB. LEY 25413;;;-150,00;3.324.798,51
26/09/23;G.DE ECHEQ Q:0002098;BOL:2302959;39.850,68;;3.364.649,19
26/09/23;IMP. CRE. LEY 25413;;;-239,10;3.364.410,09
26/09/23;ING. BRUTOS S/ CRED;DT.301/03-TUCUMAN;;-11,96;3.364.398,13
26/09/23;IMP. DEB. LEY 25413;Resumen de Cuenta Corriente en Pesos Página 39 / 48 | 20230929040494846H;;-0,07;3.364.398,06
26/09/23;ING. BRUTOS S/ CRED;REG.RECAU.SIRCREB;;-79,70;3.364.318,36
26/09/23;IMP. DEB. LEY 25413;;;-0,48;3.364.317,88
26/09/23;G.DE ECHEQ Q:9434252;BOL:2305958;269.410,05;;3.633.727,93
26/09/23;IMP. CRE. LEY 25413;;;-1.616,46;3.632.111,47
26/09/23;ING. BRUTOS S/ CRED;DT.301/03-TUCUMAN;;-80,82;3.632.030,65
26/09/23;IMP. DEB. LEY 25413;;;-0,48;3.632.030,17
26/09/23;ING. BRUTOS S/ CRED;REG.RECAU.SIRCREB;;-538,82;3.631.491,35
26/09/23;IMP. DEB. LEY 25413;;;-3,23;3.631.488,12
26/09/23;G.DE ECHEQ Q:0002418;BOL:2331347;1.300.951,47;;4.932.439,59
26/09/23;IMP. CRE. LEY 25413;;;-7.805,71;4.924.633,88
26/09/23;ING. BRUTOS S/ CRED;DT.301/03-TUCUMAN;;-390,29;4.924.243,59
26/09/23;IMP. DEB. LEY 25413;;;-2,34;4.924.241,25
26/09/23;ING. BRUTOS S/ CRED;REG.RECAU.SIRCREB;;-2.601,90;4.921.639,35
26/09/23;IMP. DEB. LEY 25413;;;-15,61;4.921.623,74
26/09/23;G.DE ECHEQ Q:3382644;BOL:2302967;4.626.218,00;;9.547.841,74
26/09/23;IMP. CRE. LEY 25413;;;-27.757,31;9.520.084,43
26/09/23;ING. BRUTOS S/ CRED;DT.301/03-TUCUMAN;;-1.387,87;9.518.696,56
26/09/23;IMP. DEB. LEY 25413;;;-8,33;9.518.688,23
26/09/23;ING. BRUTOS S/ CRED;REG.RECAU.SIRCREB;;-9.252,44;9.509.435,79
26/09/23;IMP. DEB. LEY 25413;;;-55,51;9.509.380,28
26/09/23;COM. DEPOSITO DE CHEQ;BOL.32399413;;-2.604,43;9.506.775,85
26/09/23;IVA;;;-546,93;9.506.228,92
26/09/23;IMP. DEB. LEY 25413;Resumen de Cuenta Corriente en Pesos Página 40 / 48 | 20230929040494846H;;-18,91;9.506.210,01
27/09/23;TRF INMED PROVEED;Papus Srl | VARIOS | BANCO DE LA PROVINCI;;-74.536,00;9.431.674,01
27/09/23;IMP. DEB. LEY 25413;;;-447,22;9.431.226,79
27/09/23;TRF INMED PROVEED;Camara Del Instrumen | VARIOS | BANCO DE LA NACION A;;-60.000,00;9.371.226,79
27/09/23;IMP. DEB. LEY 25413;;;-360,00;9.370.866,79
27/09/23;TRF INMED PROVEED;Marken Com | VARIOS | BANCO ITAU ARGENTINA;;-24.098,47;9.346.768,32
27/09/23;IMP. DEB. LEY 25413;;;-144,59;9.346.623,73
27/09/23;TRF INMED PROVEED;Patricia Silvia Esco | VARIOS | BANCO DE GALICIA Y B;;-300.605,34;9.046.018,39
27/09/23;IMP. DEB. LEY 25413;;;-1.803,63;9.044.214,76
27/09/23;TRF INMED PROVEED;Camara Del Instrum | VARIOS | BANCO BBVA ARGENTINA;;-60.000,00;8.984.214,76
27/09/23;COM. GESTION TRANSF.FDOS;ENTRE BCOS;;-700,00;8.983.514,76
27/09/23;IMP. DEB. LEY 25413;;;-360,00;8.983.154,76
27/09/23;IVA;;;-147,00;8.983.007,76
27/09/23;IMP. DEB. LEY 25413;;;-5,08;8.983.002,68
27/09/23;TRF INMED PROVEED;Breitbarth Enrique P | VARIOS | BANCO SANTANDER RIO;;-15.140,13;8.967.862,55
27/09/23;COM. GESTION TRANSF.FDOS;ENTRE BCOS | Resumen de Cuenta Corriente en Pesos Página 41 / 48 | 20230929040494846H;;-700,00;8.967.162,55
27/09/23;IMP. DEB. LEY 25413;;;-90,84;8.967.071,71
27/09/23;IVA;;;-147,00;8.966.924,71
27/09/23;IMP. DEB. LEY 25413;;;-5,08;8.966.919,63
27/09/23;TRF INMED PROVEED;Canese, Carlos Guill | VARIOS | BANCO SUPERVIELLE S.;;-122.715,50;8.844.204,13
27/09/23;COM. GESTION TRANSF.FDOS;ENTRE BCOS;;-700,00;8.843.504,13
27/09/23;IMP. DEB. LEY 25413;;;-736,29;8.842.767,84
27/09/23;IVA;;;-147,00;8.842.620,84
27/09/23;IMP. DEB. LEY 25413;;;-5,08;8.842.615,76
27/09/23;TRF INMED PROVEED;Biosix S.A.. | VARIOS | INDUSTRIAL AND COMME;;-1.368.032,57;7.474.583,19
27/09/23;COM. GESTION TRANSF.FDOS;ENTRE BCOS;;-700,00;7.473.883,19
27/09/23;IMP. DEB. LEY 25413;;;-8.208,20;7.465.674,99
27/09/23;IVA;;;-147,00;7.465.527,99
27/09/23;IMP. DEB. LEY 25413;;;-5,08;7.465.522,91
27/09/23;TRF INMED PROVEED;Sistemas Analiticos | VARIOS | BANCO DE GALICIA Y B;;-178.785,75;7.286.737,16
27/09/23;IMP. DEB. LEY 25413;;;-1.072,71;7.285.664,45
27/09/23;TRF INMED PROVEED;Patricia Silvia Esco | VARIOS | BANCO DE GALICIA Y B;;-1.628.759,28;5.656.905,17
27/09/23;IMP. DEB. LEY 25413;Resumen de Cuenta Corriente en Pesos Página 42 / 48 | 20230929040494846H;;-9.772,56;5.647.132,61
27/09/23;TRF INMED PROVEED;Meditecna Srl | VARIOS | BANCO DE GALICIA Y B;;-143.654,00;5.503.478,61
27/09/23;IMP. DEB. LEY 25413;;;-861,92;5.502.616,69
27/09/23;SUSCRIPCION FIMA;FIMA PREMIUM CLASE A;;-5.000.000,00;502.616,69
27/09/23;G.DE ECHEQ Q:9433839;BOL:2425449;78.798,15;;581.414,84
27/09/23;IMP. CRE. LEY 25413;;;-472,79;580.942,05
27/09/23;ING. BRUTOS S/ CRED;DT.301/03-TUCUMAN;;-23,64;580.918,41
27/09/23;IMP. DEB. LEY 25413;;;-0,14;580.918,27
27/09/23;ING. BRUTOS S/ CRED;REG.RECAU.SIRCREB;;-157,60;580.760,67
27/09/23;IMP. DEB. LEY 25413;;;-0,95;580.759,72
27/09/23;G.DE CHEQUE Q:0020468;BOL:2399413;217.035,84;;797.795,56
27/09/23;IMP. CRE. LEY 25413;;;-1.302,22;796.493,34
27/09/23;ING. BRUTOS S/ CRED;DT.301/03-TUCUMAN;;-65,11;796.428,23
27/09/23;IMP. DEB. LEY 25413;;;-0,39;796.427,84
27/09/23;ING. BRUTOS S/ CRED;REG.RECAU.SIRCREB;;-434,07;795.993,77
27/09/23;IMP. DEB. LEY 25413;;;-2,60;795.991,17
28/09/23;DEB. AUTOM. DE SERV.;EMP. DIST. Y COM | SERVICIOS1;;-11.681,07;784.310,10
28/09/23;IMP. DEB. LEY 25413;;;-70,09;784.240,01
28/09/23;DEB. AUTOM. DE SERV.;EMP. DIST. Y COM | SERVICIOS1;;-17.164,34;767.075,67
28/09/23;IMP. DEB. LEY 25413;Resumen de Cuenta Corriente en Pesos Página 43 / 48 | 20230929040494846H;;-102,99;766.972,68
28/09/23;DEB. AUTOM. DE SERV.;EMP. DIST. Y COM | SERVICIOS1;;-33.236,58;733.736,10
28/09/23;IMP. DEB. LEY 25413;;;-199,42;733.536,68
28/09/23;SERVICIO ACREDITAMIENTO DE;HABERES | HONORARIOS PROFESION;;-81.550,08;651.986,60
28/09/23;IMP. DEB. LEY 25413;;;-489,30;651.497,30
28/09/23;TRANSFERENCIAS CASH;PROVEEDORES | BORAX ARGENTINA S.A. | BANCO BBVA ARGENTINA;300.720,55;;952.217,85
28/09/23;IMP. CRE. LEY 25413;;;-1.804,32;950.413,53
28/09/23;ING. BRUTOS S/ CRED;DT.301/03-TUCUMAN;;-90,22;950.323,31
28/09/23;IMP. DEB. LEY 25413;;;-0,54;950.322,77
28/09/23;ING. BRUTOS S/ CRED;REG.RECAU.SIRCREB;;-601,44;949.721,33
28/09/23;IMP. DEB. LEY 25413;;;-3,61;949.717,72
28/09/23;SERVICIO ACREDITAMIENTO DE;HABERES | ACRED.HABERES;;-100.000,00;849.717,72
28/09/23;IMP. DEB. LEY 25413;;;-600,00;849.117,72
28/09/23;SERVICIO PAGO A PROVEEDORES;PROANALISIS S A | PROVEEDORES;237.253,36;;1.086.371,08
28/09/23;IMP. CRE. LEY 25413;;;-1.423,52;1.084.947,56
28/09/23;ING. BRUTOS S/ CRED;DT.301/03-TUCUMAN;;-71,18;1.084.876,38
28/09/23;IMP. DEB. LEY 25413;;;-0,43;1.084.875,95
28/09/23;ING. BRUTOS S/ CRED;REG.RECAU.SIRCREB;;-474,51;1.084.401,44
28/09/23;IMP. DEB. LEY 25413;Resumen de Cuenta Corriente en Pesos Página 44 / 48 | 20230929040494846H;;-2,85;1.084.398,59
28/09/23;TRANSFERENCIAS CASH;PROVEEDORES | AGUAS DE ORIGEN SA | BANCO BBVA ARGENTINA;486.990,19;;1.571.388,78
28/09/23;IMP. CRE. LEY 25413;;;-2.921,94;1.568.466,84
28/09/23;ING. BRUTOS S/ CRED;DT.301/03-TUCUMAN;;-146,10;1.568.320,74
28/09/23;IMP. DEB. LEY 25413;;;-0,88;1.568.319,86
28/09/23;ING. BRUTOS S/ CRED;REG.RECAU.SIRCREB;;-973,98;1.567.345,88
28/09/23;IMP. DEB. LEY 25413;;;-5,84;1.567.340,04
29/09/23;TRANSFERENCIAS CASH;PROVEEDORES | UNITAN SAICA | BANCO COMAFI SOCIEDA;287.623,70;;1.854.963,74
29/09/23;IMP. CRE. LEY 25413;;;-1.725,74;1.853.238,00
29/09/23;ING. BRUTOS S/ CRED;DT.301/03-TUCUMAN;;-86,29;1.853.151,71
29/09/23;IMP. DEB. LEY 25413;;;-0,52;1.853.151,19
29/09/23;ING. BRUTOS S/ CRED;REG.RECAU.SIRCREB;;-575,25;1.852.575,94
29/09/23;IMP. DEB. LEY 25413;;;-3,45;1.852.572,49
29/09/23;TRF INMED PROVEED;Expreso Garmendia S. | VARIOS | BANCO DE LA NACION A;;-14.278,00;1.838.294,49
29/09/23;IMP. DEB. LEY 25413;;;-85,67;1.838.208,82
29/09/23;TRANSFERENCIAS CASH;PROVEEDORES | CENTRAL PUERTO SA | CITIBANK N.A.;3.528,00;;1.841.736,82
29/09/23;IMP. CRE. LEY 25413;;;-21,17;1.841.715,65
29/09/23;ING. BRUTOS S/ CRED;DT.301/03-TUCUMAN;;-1,06;1.841.714,59
29/09/23;IMP. DEB. LEY 25413;;;-0,01;1.841.714,58
29/09/23;ING. BRUTOS S/ CRED;REG.RECAU.SIRCREB | Resumen de Cuenta Corriente en Pesos Página 45 / 48 | 20230929040494846H;;-7,06;1.841.707,52
29/09/23;IMP. DEB. LEY 25413;;;-0,04;1.841.707,48
29/09/23;TRANSFERENCIAS CASH;PROVEEDORES | EMBOTELLADORA DEL AT | BANCO DE GALICIA Y B;14.491,32;;1.856.198,80
29/09/23;IMP. CRE. LEY 25413;;;-86,95;1.856.111,85
29/09/23;ING. BRUTOS S/ CRED;DT.301/03-TUCUMAN;;-4,35;1.856.107,50
29/09/23;IMP. DEB. LEY 25413;;;-0,03;1.856.107,47
29/09/23;ING. BRUTOS S/ CRED;REG.RECAU.SIRCREB;;-28,98;1.856.078,49
29/09/23;IMP. DEB. LEY 25413;;;-0,17;1.856.078,32
29/09/23;TRANSFERENCIAS CASH;PROVEEDORES | CENTRAL PUERTO SA | CITIBANK N.A.;407.330,04;;2.263.408,36
29/09/23;IMP. CRE. LEY 25413;;;-2.443,98;2.260.964,38
29/09/23;ING. BRUTOS S/ CRED;DT.301/03-TUCUMAN;;-122,20;2.260.842,18
29/09/23;IMP. DEB. LEY 25413;;;-0,73;2.260.841,45
29/09/23;ING. BRUTOS S/ CRED;REG.RECAU.SIRCREB;;-814,66;2.260.026,79
29/09/23;IMP. DEB. LEY 25413;;;-4,89;2.260.021,90
29/09/23;TRANSFERENCIAS CASH;PROVEEDORES | PPE ARGENTINA S.A. | BANCO SANTANDER RIO;861.290,84;;3.121.312,74
29/09/23;IMP. CRE. LEY 25413;;;-5.167,75;3.116.144,99
29/09/23;ING. BRUTOS S/ CRED;DT.301/03-TUCUMAN;;-258,39;3.115.886,60
29/09/23;IMP. DEB. LEY 25413;;;-1,55;3.115.885,05
29/09/23;ING. BRUTOS S/ CRED;REG.RECAU.SIRCREB;;-1.722,58;3.114.162,47
29/09/23;IMP. DEB. LEY 25413;Resumen de Cuenta Corriente en Pesos Página 46 / 48 | 20230929040494846H;;-10,34;3.114.152,13
29/09/23;TRANSFERENCIAS CASH;PROVEEDORES | FUENTES RENOVABLES D | BANCO MARIVA S.A.;285.085,04;;3.399.237,17
29/09/23;IMP. CRE. LEY 25413;;;-1.710,51;3.397.526,66
29/09/23;ING. BRUTOS S/ CRED;DT.301/03-TUCUMAN;;-85,53;3.397.441,13
29/09/23;IMP. DEB. LEY 25413;;;-0,51;3.397.440,62
29/09/23;ING. BRUTOS S/ CRED;REG.RECAU.SIRCREB;;-570,17;3.396.870,45
29/09/23;IMP. DEB. LEY 25413;Total $ 162.238.881,08 -$ 163.224.763,89 $ 3.396.867,03 | Consolidado de retención de impuestos | Consolidado Importe | PERIODO COMPRENDIDO ENTRE EL 31-08-2023 Y EL 29-09-2023 30.746,49 | TOTAL RETENCION IMPUESTO DTO.301/03 - PCIA. DE TUCUMAN | PERIODO COMPRENDIDO ENTRE EL 31-08-2023 Y EL 29-09-2023 204.976,49 | TOTAL RETENCION IMPUESTO REGIMEN S.I.R.C.R.E.B. | PERIODO COMPRENDIDO ENTRE EL 31-08-2023 Y EL 29-09-2023 31.149,35 | TOTAL IMPUESTO I.V.A. SOBRE DEBITOS | PERIODO COMPRENDIDO ENTRE EL 31-08-2023 Y EL 29-09-2023 614.929,52 | TOTAL RETENCION IMPUESTO LEY 25.413 SOBRE CREDITOS | PERIODO COMPRENDIDO ENTRE EL 31-08-2023 Y EL 29-09-2023 350.756,84 | TOTAL RETENCION IMPUESTO LEY 25.413 SOBRE DEBITOS | PERIODO COMPRENDIDO ENTRE EL 01-08-2023 Y EL 31-08-2023 216.122,96 | TOTAL MENSUAL RETENCION IMPUESTO LEY 25.413 SOBRE DEBITOS | PERIODO COMPRENDIDO ENTRE EL 01-08-2023 Y EL 31-08-2023 234.157,37 | TOTAL MENSUAL RETENCION IMPUESTO LEY 25.413 SOBRE CREDITOS | PERIODO COMPRENDIDO ENTRE EL 01-08-2023 Y EL 31-08-2023 148.592,51 | TOTAL MENSUAL RETENCION IMPUESTO LEY 25.413 CREDITO COMPUTABLE COMO PAGO A CUENTA | PERIODO COMPRENDIDO ENTRE EL 01-09-2023 Y EL 30-09-2023 350.756,84 | TOTAL MENSUAL RETENCION IMPUESTO LEY 25.413 SOBRE DEBITOS | Resumen de Cuenta Corriente en Pesos Página 47 / 48 | 20230929040494846H;;-3,42;3.396.867,03
